@article{pavlidis2020speculative,
  title={Speculative Bubbles in Segmented Markets: Evidence from Chinese Cross-Listed Stocks},
  author={Pavlidis, Efthymios G and Vasilopoulos, Kostas},
  journal={Journal of International Money and Finance},
  pages={102222},
  year={2020},
  publisher={Elsevier}
}