@Manual{
    key = {exuber-pkg},
    title = {exuber: Testing and Simulating Explosive Periods},
    author = {Kostas Vasilopoulos and Efthymios Pavlidis and Simon Spavound and Enrique Martínez-García},
    year = {2020},
    note = {R package version 0.4.2},
    url = {https://CRAN.R-project.org/package=exuber},
  }