

@article{abdellouiBW2007,
  author={Abdellaoui, Mohammed and Barrios, Carolina and Wakker, Peter P.},
  title={{Reconciling Introspective Utility with Revealed Preference: Experimental Arguments Based on Prospect theory}},
  journal={Journal of Econometrics},
  year=2007,
  volume={138},
  number={1},
  pages={356-378},
  month={May}
}

@Article{acharyaLR2013,
  author={Acharya, Viral V. and Lochstoer, Lars A. and Ramadorai, Tarun},
  title={{Limits to Arbitrage and Hedging: Evidence from Commodity Markets}},
  journal={Journal of Financial Economics},
  year=2013,
  volume={109},
  number={2},
  pages={441-465}
}

@techreport{AlquistBR2014,
  title={{What does the convenience yield curve tell us about the crude oil market?}},
  author={Ron Alquist and Bauer, Gregory H. and Diez {de los Rios}, Antonio},
  year={2014},
  institution={Bank of Canada},
  type={Working Paper 2014-42}
}

@Article{alquistG2013,
  author={Ron Alquist and Olivier Gervais},
  title={{The role of financial speculation in driving the price of crude oil}},
  journal={The Energy Journal},
  year=2013,
  volume={34},
  number={3},
  pages={35-54}
}

@Article{alquistK2010,
  author={Ron Alquist and Lutz Kilian},
  title={{What do we learn from the price of crude oil futures?}},
  journal={Journal of Applied Econometrics},
  year=2010,
  volume={25},
  number={4},
  pages={539-573}
}


@incollection{alquistKV2013,
title = "Forecasting the Price of Oil",
editor = "Graham Elliott and Allan Timmermann",
publisher = "Elsevier",
volume = "2",
pages = "427 - 507",
year = "2013",
booktitle = "Handbook of Economic Forecasting",
author = "Ron Alquist and Lutz Kilian and Robert J. Vigfusson"
}

@article{altavillaGR2017,
  title={Anchoring the yield curve using survey expectations},
  author={Altavilla, Carlo and Giacomini, Raffaella and Ragusa, Giuseppe},
  journal={Journal of Applied Econometrics},
  volume={32},
  number={6},
  pages={1055--1068},
  year={2017},
  publisher={Wiley Online Library}
}

@article{Batchelor2001,
  title={How useful are the forecasts of intergovernmental agencies? {The IMF and OECD versus the Consensus}},
  author={Batchelor, Roy},
  journal={Applied Economics},
  volume={33},
  number={2},
  pages={225--235},
  year={2001}
}

@article{Frankel2014,
	title = {Effects of speculation and interest rates in a “carry trade” model of commodity prices},
	journal = {Journal of International Money and Finance},
	volume = "42",
	pages = "88 - 112",
	year = "2014",
	author = {Jeffrey A. Frankel}
}

@article{barskyK2002,
  title={Do we really know that oil caused the great stagflation? {A} monetary alternative},
  author={Robert B. Barsky and  Lutz Kilian},
  journal={NBER Macroeconomics Annual 2001},
  volume={16},
  pages={137--183},
  year={2002},
  publisher={MIT Press}
}

@TechReport{baumeisterEK2017,
  author={Christiane Baumeister and Reinhard Ellwanger and Lutz Kilian},
  title={Did the Renewable Fuel Standard Shift Market Expectations of the Price of Ethanol?},
  year=2017,
  month=Aug,
  institution={National Bureau of Economic Research, Inc},
  type={NBER Working Papers},
  url={https://ideas.repec.org/p/nbr/nberwo/23752.html},
  number={23752}
}

@TechReport{baumeisterK2016a,
  author={Christiane Baumeister and Lutz Kilian},
  title={A general approach to recovering market expectations from futures prices with an application to crude oil},
  year=2016,
  institution={University of Michigan},
  type={manuscript}
}

@article{baumeisterK2016b,
  title={Lower oil prices and the {US} economy: Is this time different?},
  author={Christiane Baumeister and Lutz Kilian},
  journal={Brookings Papers on Economic Activity},
  volume={2016},
  number={2},
  pages={287--357},
  year={2016},
  publisher={Brookings Institution Press}
}

@Article{baumeisterK2016c,
  author={Christiane Baumeister and Lutz Kilian},
  title={{Forty years of oil price fluctuations: Why the price of oil may still surprise us}},
  journal={Journal of Economic Perspectives},
  year=2016,
  volume={30},
  number={1},
  pages={139-160}
}

@Article{blanchard1979,
  author={Blanchard, Olivier J.},
  title={Speculative bubbles, crashes and rational expectations},
  journal={Economics Letters},
  year=1979,
  volume={3},
  number={4},
  pages={387-389}
}

@TechReport{blanchardW1982,
  author={Olivier J. Blanchard and Mark W. Watson},
  title={{Bubbles, Rational Expectations and Financial Markets}},
  year=1982,
  month={July},
  institution={National Bureau of Economic Research, Inc},
  type={NBER Working Papers},
  number={0945}
}

@InCollection{blanchardG2010,
  author={Olivier J. Blanchard and Jordi Gal{\'i}},
  title={{The macroeconomic effects of oil price shocks: Why are the 2000s so different from the 1970s?}},
  booktitle={{International Dimensions of Monetary Policy}},
  publisher={National Bureau of Economic Research, Inc},
  year=2010,
   editor = {Jordi Gal{\'i} and Mark Gertler},
  month={November},
  pages={373-421}
}

@article{BrooksPW2015,
  title={Booms and busts in commodity markets: {Bubbles} or fundamentals?},
  author={Brooks, Chris and Prokopczuk, Marcel and Wu, Yingying},
  journal={Journal of Futures Markets},
  volume={35},
  number={10},
  pages={916--938},
  year={2015}
}

@article{cainLP2003,
  title={The favourite--longshot bias and the {Gabriel} and {Marsden} anomaly},
  author={Cain, Michael and Peel, David and Law, David},
  journal={The Economics of Gambling},
  year={2003},
  publisher={Psychology Press}
}

@Article{CampbellY2006,
  author={Campbell, John Y. and Yogo, Motohiro},
  title={Efficient tests of stock return predictability},
  journal={Journal of Financial Economics},
  year=2006,
  volume={81},
  number={1},
  pages={27-60},
  month={July}
}

@Article{chengKX2015,
  author={Ing-Haw Cheng and Andrei Kirilenko and Wei Xiong},
  title={{Convective risk flows in commodity futures markets}},
  journal={Review of Finance},
  year=2015,
  volume={19},
  number={5},
  pages={1733-1781}
}

@Article{chengX2014,
  author={Ing-Haw Cheng and Wei Xiong},
  title={{Financialization of commodity markets}},
  journal={Annual Review of Financial Economics},
  year=2014,
  volume={6},
  number={1},
  pages={419-441}
}

@article{conlisk1993,
author="Conlisk, John",
title="The utility of gambling",
journal="Journal of Risk and Uncertainty",
year="1993",
volume="6",
number="3",
pages="255--275"
}

@article{crainichET2013,
  author={David Crainich and Louis Eeckhoudt and Alain Trannoy},
  title={{Even (mixed) risk lovers are prudent}},
  journal={American Economic Review},
  year=2013,
  volume={103},
  number={4},
  pages={1529-35}
}

@article{deckS2010,
  author={Cary Deck and Harris Schlesinger},
  title={{Exploring higher order risk effects}},
  journal={Review of Economic Studies},
  year=2010,
  volume={77},
  number={4},
  pages={1403-1420}
}

@article{deckS2014,
  author={Cary Deck and Harris Schlesinger},
  title={{Consistency of higher order risk preferences}},
  journal={Econometrica},
  year=2014,
  volume={82},
  number={},
  pages={1913-1943}
}

@article{DeRoonNV2000,
  title={Hedging pressure effects in futures markets},
  author={{De Roon}, Frans A. and Nijman, Theo E. and Veld, Chris},
  journal={The Journal of Finance},
  volume={55},
  number={3},
  pages={1437--1456},
  year={2000}
}

@book{dwyer2013stock,
  title={The stock market: Bubbles, volatility, and chaos},
  author={Dwyer, Gerald P and Hafer, Rik W},
  year={2013},
  publisher={Springer Science \& Business Media}
}


@Article{DibaG1988,
  author={Diba, Behzad T. and Grossman, Herschel I.},
  title={The theory of rational bubbles in stock prices},
  journal={Economic Journal},
  year=1988,
  volume={98},
  number={392},
  pages={746-54},
  month={September}
}

@article{eeckhoudtS2006,
  author={Louis Eeckhoudt and Harris Schlesinger},
  title={{Putting risk in its proper place}},
  journal={American Economic Review},
  year=2006,
  volume={96},
  number={1},
  pages={280-289}
}

@article{ebert2013a,
author="Ebert, Sebastian",
title="Moment characterization of higher-order risk preferences",
journal="Theory and Decision",
year="2013",
volume="74",
number="2",
pages="267--284"
}

@article{ebert2013b,
Author = {Ebert, Sebastian},
Title = {Even (mixed) risk lovers are prudent: Comment},
Journal = {American Economic Review},
Volume = {103},
Number = {4},
Year = {2013},
Month = {June},
Pages = {1536-37}
}

@article{ebertW2011,
author = {Sebastian Ebert and Daniel Wiesen},
title = {Testing for prudence and skewness seeking},
journal = {Management Science},
volume = {57},
number = {7},
pages = {1334-1349},
year = {2011}
}

@article{ebertW2014,
author="Ebert, Sebastian
and Wiesen, Daniel",
title="Joint measurement of risk aversion, prudence, and temperance",
journal="Journal of Risk and Uncertainty",
year="2014",
volume="48",
number="3",
pages="231--252"
}

@article{ElliottS1994,
  title={Inference in time series regression when the order of integration of a regressor is unknown},
  author={Elliott, Graham and Stock, James H.},
  journal={Econometric Theory},
  volume={10},
  number={3-4},
  pages={672--700},
  year={1994}
}

@article{ElliotMS2015,
  title={Nearly optimal tests when a nuisance parameter is present under the null hypothesis},
  author={Graham Elliott and Ulrich K. M\"{u}ller and Mark W. Watson},
  journal={Econometrica},
  volume={83},
  number={2},
  pages={771--811},
  year={2015}
}

@Article{etula2013,
  author={Erkko Etula},
  title={{Broker-dealer risk appetite and commodity returns}},
  journal={Journal of Financial Econometrics},
  year=2013,
  volume={11},
  number={3},
  pages={486-521}
}

@Article{evans1991,
  author={Evans, George W.},
  title={Pitfalls in testing for explosive bubbles in asset prices},
  journal={American Economic Review},
  year=1991,
  volume={81},
  number={4},
  pages={922-930}
}

@Book{wooldridge2001,
  author={Jeffrey M. Wooldridge},
  title={Econometric analysis of cross section and panel data},
  publisher={The MIT Press},
  year=2001,
  month={March},
  volume={1},
  series={MIT Press Books}
}

@article{ScheinkmanX2003,
	author = {Scheinkman, José A. and Xiong, Wei},
	title = {Overconfidence and Speculative Bubbles},
	journal = {Journal of Political Economy},
	volume = {111},
	number = {6},	
	pages = {1183-1220},
	year = {2003},
}

@article{liuZZ2014,
  title={Speculation spillovers},
  author={Liu, Yu-Jane and Zhang, Zheng and Zhao, Longkai},
  journal={Management Science},
  volume={61},
  number={3},
  pages={649--664},
  year={2014}
}

@article{XiongY2011,
Author = {Xiong, Wei and Yu, Jialin},
Title = {{The Chinese warrants bubble}},
Journal = {American Economic Review},
Volume = {101},
Number = {6},
Year = {2011},
Month = {October},
Pages = {2723-53}
}

@article{Hausman2001,
 author = {Jerry Hausman},
 journal = {The Journal of Economic Perspectives},
 number = {4},
 pages = {57--67},
 publisher = {American Economic Association},
 title = {Mismeasured Variables in Econometric Analysis: Problems from the Right and Problems from the Left},
 volume = {15},
 year = {2001}
}



@book{scheinkman2014,
  title={Speculation, trading, and bubbles},
  author={Scheinkman, Jose A.},
  year={2014},
  publisher={Columbia University Press}
}

@article{stambaughYY2012,
  title={The short of it: Investor sentiment and anomalies},
  author={Stambaugh, Robert F. and Yu, Jianfeng and Yuan, Yu},
  journal={Journal of Financial Economics},
  volume={104},
  number={2},
  pages={288--302},
  year={2012}
}

@article{amihudM1986,
  title={Asset pricing and the bid-ask spread},
  author={Amihud, Yakov and Mendelson, Haim},
  journal={Journal of Financial Economics},
  volume={17},
  number={2},
  pages={223--249},
  year={1986}
}

@article{ma1996,
  title={{Capital controls, market segmentation and stock prices: Evidence from the Chinese stock market}},
  author={Ma, Xianghai},
  journal={Pacific-Basin Finance Journal},
  volume={4},
  number={2-3},
  pages={219--239},
  year={1996}
}

@article{caiMZ2011,
  title={{The pricing dynamics of cross-listed securities: The case of Chinese A-and H-shares}},
  author={Cai, Charlie X and {McGuinness}, Paul B and Zhang, Qi},
  journal={Journal of Banking \& Finance},
  volume={35},
  number={8},
  pages={2123--2136},
  year={2011}
}

@article{seasholesL2011,
  title={Trading imbalances and the law of one price},
  author={Seasholes, Mark S. and Liu, Clark},
  journal={Economics Letters},
  volume={112},
  number={1},
  pages={132--134},
  year={2011}
}

@Article{Fama1984,
  author={Fama, Eugene F.},
  title={Forward and spot exchange rates},
  journal={Journal of Monetary Economics},
  year=1984,
  volume={14},
  number={3},
  pages={319-338},
  month={November}
}

@article{frootD1999,
    author={Froot, Kenneth A. and Dabora, Emil M.},
	title = {How are stock prices affected by the location of trade?},
	journal = {Journal of Financial Economics},
	volume = {53},
	number = {2},
	pages = {189 - 216},
	year = {1999}
}


@Article{fattouhKM2013,
  author={Bassam Fattouh and Lutz Kilian and Lavan Mahadeva},
  title={The role of speculation in oil markets: What have we learned so far?},
  journal={The Energy Journal},
  year=2013,
  volume={34},
  number={3},
  pages={7-33}
}

@book{floodG1994,
  title={Speculative bubbles, speculative attacks, and policy switching},
  author={Flood, Robert P. and Garber, Peter M.},
  year={1994},
  publisher={MIT Press}
}

@Article{FloodG1980,
  author={Flood, Robert P. and Garber, Peter M.},
  title={An economic theory of monetary reform},
  journal={Journal of Political Economy},
  year=1980,
  volume={88},
  number={1},
  pages={24-58},
  month={February}
}

@TechReport{Gilbert2010,
  author={Christopher L. Gilbert},
  title={Speculative influences on commodity futures prices 2006–-2008},
  year={2010},
  institution={United Nations Conference on Trade and Development},
  type={Discussion Paper 197}
}

@article{granger1969,
  author={Granger, Clive W. J.},
  title={Prediction with a Generalized Cost of Error Function},
  journal={Operational Research Quarterly},
  year=1969,
  volume={20},
  number={2},
  pages={199-207},
  publisher={JSTOR}
}

@Article{Gurkaynak2008,
  author={Refet S. G\"{u}rkaynak},
  title={Econometric tests of asset price bubbles: Taking stock},
  journal={Journal of Economic Surveys},
  year=2008,
  volume={22},
  number={1},
  pages={166-186},
  month={February}
}

@Article{hamilton1983,
  author={James D. Hamilton},
  title={{Oil and the macroeconomy since {World War II}}},
  journal={Journal of Political Economy},
  year=1983,
  volume={91},
  number={2},
  pages={228-248}
}

@Article{HamiltonW1985,
  author={James D. Hamilton and Whiteman, Charles H.},
  title={The observable implications of self-fulfilling expectations},
  journal={Journal of Monetary Economics},
  year=1985,
  volume={16},
  number={3},
  pages={353-373},
  month={November}
}

@article{hamilton2003,
  title={What is an oil shock?},
  author={James D. Hamilton},
  journal={Journal of Econometrics},
  volume={113},
  number={2},
  pages={363--398},
  year={2003}
}

@Article{hamilton2009,
  author={James D. Hamilton},
  title={Causes and consequences of the oil shock of 2007-08},
  journal={Brookings Papers on Economic Activity},
  year=2009,
  volume={40},
  number={1},
  pages={215-283}
}

@TechReport{hamilton2011,
  author={James D. Hamilton},
  title={Historical oil shocks},
  year=2011,
  month=Feb,
  institution={National Bureau of Economic Research, Inc},
  type={NBER Working Papers},
  number={16790}
}


@InCollection{hamilton2013,
  author={James D. Hamilton},
  title={{Historical oil shocks}},
  booktitle={{Routledge Handbook of Major Events in Economic History}},
  publisher={New York: Routledge Taylor and Francis Group},
  year=2013,
  editor = {Randall E. Parker and Robert Whaples},
  pages={239-265}
}

@article{pavlidisMG2019,
  title={Detecting periods of exuberance: A look at the role of aggregation with an application to house prices},
  author={Pavlidis, Efthymios G. and Martinez-Garcia, Enrique and Grossman, Valerie},
  journal={Economic Modelling},
  volume={80},
  pages={87--102},
  year={2019}
}

@article{hamiltonW2014,
  author={James D. Hamilton and Wu, Jing Cynthia},
  title={{Risk premia in crude oil futures prices}},
  journal={Journal of International Money and Finance},
  year=2014,
  volume={42},
  number={C},
  pages={9-37}
}

@article{HamiltonW2015,
  title={Effects of index-fund investing on commodity futures prices},
  author={James D. Hamilton and Wu, Jing Cynthia},
  journal={International Economic Review},
  volume={56},
  number={1},
  pages={187--205},
  year={2015}
}

@article{wuGD2015,
  title={{Real estate collateral value and investment: The case of China}},
  author={Wu, Jing and Gyourko, Joseph and Deng, Yongheng},
  journal={Journal of urban Economics},
  volume={86},
  pages={43--53},
  year={2015}
}

@article{maoS2019,
  title={{Bubbles or fundamentals? Modeling provincial house prices in China allowing for cross-sectional dependence}},
  author={Mao, Guangyu and Shen, Yan},
  journal={China Economic Review},
  volume={53},
  pages={53--64},
  year={2019}
}

@article{zhiLJWS2019,
  title={{Is there a housing bubble in China?}},
  author={Zhi, Tianhao and Li, Zhongfei and Jiang, Zhiqiang and Wei, Lijian and Sornette, Didier},
  journal={Emerging Markets Review},
  volume={39},
  pages={120--132},
  year={2019},
  publisher={Elsevier}
}

@article{chenW2017,
  title={{The great housing boom of China}},
  author={Chen, Kaiji and Wen, Yi},
  journal={American Economic Journal: Macroeconomics},
  volume={9},
  number={2},
  pages={73--114},
  year={2017}
}

@article{glaeserHMS2017,
  title={{A real estate boom with Chinese characteristics}},
  author={Glaeser, Edward and Huang, Wei and Ma, Yueran and Shleifer, Andrei},
  journal={Journal of Economic Perspectives},
  volume={31},
  number={1},
  pages={93--116},
  year={2017}
}

@article{fangGXZ2016,
  title={{Demystifying the Chinese housing boom}},
  author={Fang, Hanming and Gu, Quanlin and Xiong, Wei and Zhou, Li-An},
  journal={NBER macroeconomics annual},
  volume={30},
  number={1},
  pages={105--166},
  year={2016}
}

@article{pavlidis2016,
  title={Episodes of exuberance in housing markets: In search of the smoking gun},
  author={Pavlidis, Efthymios G. and Yusupova, Alisa and Paya, Ivan and Peel, David A. and Mart{\'\i}nez-Garc{\'\i}a, Enrique and Mack, Adrienne and Grossman, Valerie},
  journal={The Journal of Real Estate Finance and Economics},
  volume={53},
  number={4},
  pages={419--449},
  year={2016}
}

@article{HommB2012,
  title={Testing for speculative bubbles in stock markets: {A} comparison of alternative methods},
  author={Homm, Ulrich and Breitung, J{\"o}rg},
  journal={Journal of Financial Econometrics},
  volume={10},
  number={1},
  pages={198--231},
  year={2012},
  publisher={Oxford Univ Press}
}

@Article{JanssonM2006,
  author={Michael Jansson and Marcelo J. Moreira},
  title={Optimal inference in regression models with nearly integrated regressors},
  journal={Econometrica},
  year=2006,
  volume={74},
  number={3},
  pages={681-714},
  month={May}
}

@article{Johnson1960,
  title={The theory of hedging and speculation in commodity futures},
  author={Johnson, Leland L.},
  journal={The Review of Economic Studies},
  volume={27},
  number={3},
  pages={139--151},
  year={1960}
}

@Article{juvenalP2015,
  author={Luciana Juvenal and Ivan Petrella},
  title={{Speculation in the Oil Market}},
  journal={Journal of Applied Econometrics},
  year=2015,
  volume={30},
  number={4},
  pages={621-649}
}

@book{Keynes1930,
  title={A treatise on money},
  author={Keynes, John Maynard},
  year={1930},
  publisher={Macmillan, London},
  note={Vol. II}
}

@Article{kilian1999,
  author={Lutz Kilian},
  title={Exchange Rates and Monetary Fundamentals: What Do We Learn from Long-Horizon Regressions?},
  journal={Journal of Applied Econometrics},
  year=1999,
  volume={14},
  number={5},
  pages={491-510}
}

@Article{kilian2008a,
  author={Lutz Kilian},
  title={The economic effects of energy price shocks},
  journal={Journal of Economic Literature},
  year=2008,
  volume={46},
  number={4},
  pages={871-909}
}

@Article{kilian2008b,
  author={Lutz Kilian},
  title={Exogenous Oil Supply Shocks: How Big Are They and How Much Do They Matter for the U.S. Economy?},
  journal={The Review of Economics and Statistics},
  year=2008,
  volume={90},
  number={2},
  pages={216-240}
}

@Article{kilian2009,
  author={Lutz Kilian},
  title={{Not all oil price shocks are alike: Disentangling demand and supply shocks in the crude oil market}},
  journal={American Economic Review},
  year=2009,
  volume={99},
  number={3},
  pages={1053-1069}
}

@article{Kilian2014,
  title={Oil price shocks: Causes and consequences},
  author={Lutz Kilian},
  year={2014},
  journal={Annual Review of Resource Economics},
  volume={6},
  number={},
  pages={133-154},
}

@Article{kilianH2013,
  author={Lutz Kilian and Bruce Hicks},
  title={Did unexpectedly strong economic growth cause the oil price shock of 2003–-2008?},
  journal={Journal of Forecasting},
  year=2013,
  volume={32},
  number={5},
  pages={385-394}
}

@Article{kilianL2014,
  author={Kilian, Lutz and Lee, Thomas K.},
  title={Quantifying the speculative component in the real price of oil: {The} role of global oil inventories},
  journal={Journal of International Money and Finance},
  year=2014,
  volume={42},
  number={C},
  pages={71-87}
}

@Article{kilianM2014,
  author={Lutz Kilian and Daniel P. Murphy},
  title={{The role of inventories and speculative trading in the global market for crude oil}},
  journal={Journal of Applied Econometrics},
  year=2014,
  volume={29},
  number={3},
  pages={454-478}
}

@Article{kilianT2003,
  author={Kilian, Lutz and Taylor, Mark P.},
  title={{Why is it so difficult to beat the random walk forecast of exchange rates?}},
  journal={Journal of International Economics},
  year=2003,
  volume={60},
  number={1},
  pages={85-107}
}

@TechReport{kilianZ2017,
  author={Kilian, Lutz and Zhou, Xiaoqing},
  title={Modeling Fluctuations in the Global Demand for Commodities},
  year=2017,
  month=Oct,
  institution={},
  type={CEPR Discussion Papers},
  number={12357}
}

@Article{knittelP2016,
  author={Christopher R. Knittel and Robert S. Pindyck},
  title={{The simple economics of commodity price speculation}},
  journal={American Economic Journal: Macroeconomics},
  year=2016,
  volume={8},
  number={2},
  pages={85-110}
}

@article{KostakisMS2015,
  title={Robust econometric inference for stock return predictability},
  author={Kostakis, Alexandros and Magdalinos, Tassos and Stamatogiannis, Michalis P.},
  journal={Review of Financial Studies},
  volume={28},
  number={5},
  pages={1506--1553},
  year={2015}
}

@Article{lammerdingSTW2013,
  author={Lammerding, Marc and Stephan, Patrick and Trede, Mark and Wilfling, Bernd},
  title={{Speculative bubbles in recent oil price dynamics: Evidence from a {Bayesian Markov-switching} state-space approach}},
  journal={Energy Economics},
  year=2013,
  volume={36},
  number={C},
  pages={491-502}
}

@TechReport{masters2008,
  author={Michael W. Masters},
  title={{Testimony of Michael W. Masters, Managing Member/Portfolio Manager, Masters Management Capital, LLC}},
  year=2008,
  institution={Testimony before the U.S. Senate Committee on Homeland Security and Governmental Affairs, May 20}
}

@TechReport{masters2010,
  author={Michael W. Masters},
  title={{Testimony of Michael W. Masters, Managing Member/Portfolio Manager, Masters Management Capital, LLC}},
  year=2010,
  institution={Testimony before the Commodity Futures Trading Commission, March 25}
}

@TechReport{newellP2017,
  author={Richard G. Newell and Brian C. Prest},
  title={{Informing SPR Policy through Oil Futures and Inventory Dynamics}},
  year=2017,
  institution={Resources for the Future},
  type={manuscript}
}

@book{ObstfeldR1996,
  title={Foundations of International Macroeconomics},
  author={Obstfeld, Maurice and Rogoff, Kenneth S. and others},
  volume={30},
  year={1996},
  publisher={MIT press Cambridge, MA}
}

@Article{paganoP2009,
  author={Patrizio Pagano and Massimiliano Pisani},
  title={Risk-Adjusted Forecasts of Oil Prices},
  journal={The B.E. Journal of Macroeconomics},
  year=2009,
  volume={9},
  number={1},
  pages={1-28}
}

@Article{pattonT2007a,
  author={Patton, Andrew J. and Timmermann, Allan},
  title={Testing Forecast Optimality Under Unknown Loss},
  journal={Journal of the American Statistical Association},
  year=2007,
  volume={102},
  number={},
  pages={1172-1184}
}

@Article{pattonT2007b,
  author={Patton, Andrew J. and Timmermann, Allan},
  title={Properties of optimal forecasts under asymmetric loss and nonlinearity},
  journal={Journal of Econometrics},
  year=2007,
  volume={140},
  number={2},
  pages={884-918}
}

@article{FamaF1987,
 author = {Eugene F. Fama and Kenneth R. French},
 journal = {The Journal of Business},
 number = {1},
 pages = {55-73},
 publisher = {University of Chicago Press},
 title = {Commodity Futures Prices: Some Evidence on Forecast Power, Premiums, and the Theory of Storage},
 volume = {60},
 year = {1987}
}

@article{FamaF1988,
  title={Business cycles and the behavior of metals prices},
  author = {Eugene F. Fama and Kenneth R. French},
  journal={The Journal of Finance},
  volume={43},
  number={5},
  pages={1075--1093},
  year={1988}
}


@article{Pesaran2006,
  title={Estimation and inference in large heterogeneous panels with a multifactor error structure},
  author={Pesaran, M. Hashem},
  journal={Econometrica},
  volume={74},
  number={4},
  pages={967--1012},
  year={2006}
}

@article{NgP1995,
  title={Unit root tests in {ARMA} models with data-dependent methods for the selection of the truncation lag},
  author={Ng, Serena and Perron, Pierre},
  journal={Journal of the American Statistical Association},
  volume={90},
  number={429},
  pages={268--281},
  year={1995}
}

@article{jiaWX2017,
  title={Market segmentation and differential reactions of local and foreign investors to analyst recommendations},
  author={Jia, Chunxin and Wang, Yaping and Xiong, Wei},
  journal={The Review of Financial Studies},
  volume={30},
  number={9},
  pages={2972--3008},
  year={2017}
}



@book{ganYJXMZ2014,
  title={Data you need to know about China},
  author={Gan, Li and Yin, Zhichao and Jia, Nan and Xu, Shu and Ma, Shuang and Zheng, Lu},
  year={2014},
  publisher={Springer}
}


@article{pavlidisPPf2017,
author = {Efthymios G. Pavlidis  and Ivan Paya and David A. Peel},
title = "Testing for speculative bubbles using spot and forward prices ",
journal = "International Economic Review",
year = "2017",
 volume={58},
  number={4},
  pages={1191--1226}
}

@article{chungHL2013,
  title={{Explaining share price disparity with parameter uncertainty: Evidence from Chinese A-and H-shares}},
  author={Chung, Tsz-Kin and Hui, Cho-Hoi and Li, Ka-Fai},
  journal={Journal of Banking \& Finance},
  volume={37},
  number={3},
  pages={1073--1083},
  year={2013}
}


@article{carpenterW2017,
  title={The development of {C}hina's stock market and stakes for the global economy},
  author={Carpenter, Jennifer N and Whitelaw, Robert F},
  journal={Annual Review of Financial Economics},
  volume={9},
  pages={233--257},
  year={2017}
}

@article{pavlidisPP2018,
  title={Using market expectations to test for speculative bubbles in the crude oil market},
  author={Pavlidis, Efthymios G. and Paya, Ivan and Peel, David A.},
  journal={Journal of Money, Credit and Banking},
  volume={50},
  number={5},
  pages={833--856},
  year={2018}
}


@InCollection{pesaranW2006,
  author={Pesaran, M. Hashem and Weale, Martin},
  title={Survey Expectations},
  booktitle={{Handbook of Economic Forecasting}},
  publisher={Elsevier},
  year=2006,
  editor = {G. Elliott and C. Granger and A. Timmermann},
  pages={715-776}
}

@article {Phillips2014,
  author = {Phillips, Peter C. B.},
  title = {On confidence intervals for autoregressive roots and predictive regression},
  journal = {Econometrica},
  volume = {82},
  number = {3},
  pages = {1177--1195},
  year = {2014}
}

@techreport{PhillipsM2009,
  author={Phillips, Peter C. B. and Magdalinos, Tassos},
  title={Econometric inference in the vicinity of unity},
  year=2009,
  institution={Singapore Management University},
  type={CoFie Working Paper},
  number={7}
}

@techreport{meiSX2005,
  title={{Speculative trading and stock prices: Evidence from Chinese AB share premia}},
  author={Mei, Jianping and Scheinkman, Jose and Xiong, Wei},
  year={2005},
  institution={National Bureau of Economic Research}
}

@article{chang2004,
  title={Bootstrap unit root tests in panels with cross--sectional dependency},
  author={Chang, Yoosoon},
  journal={Journal of econometrics},
  volume={120},
  number={2},
  pages={263--293},
  year={2004}
}

@article{imPS2003,
  title={Testing for unit roots in heterogeneous panels},
  author={Im, Kyung So and Pesaran, M Hashem and Shin, Yongcheol},
  journal={Journal of econometrics},
  volume={115},
  number={1},
  pages={53--74},
  year={2003}
}

@article{maddala1999,
  title={A comparative study of unit root tests with panel data and a new simple test},
  author={Maddala, Gangadharrao S and Wu, Shaowen},
  journal={Oxford Bulletin of Economics and statistics},
  volume={61},
  number={S1},
  pages={631--652},
  year={1999}
}


@article{nielsen2010,
  title={Analysis of coexplosive processes},
  author={Nielsen, Bent},
  journal={Econometric Theory},
  volume={26},
  number={3},
  pages={882--915},
  year={2010},
  publisher={Cambridge University Press}
}

@techreport{fengS2003,
  title={A profile of individual investors in an emerging stock market},
  author={Feng, Lei and Seasholes, Mark},
  type={Working Paper},
  journal={Harvard Business School and University of California at Berkeley},
  year={2003}
}



@article{PhillipsL2013,
  title={Predictive regression under various degrees of persistence and robust long-horizon regression},
  author={Phillips, Peter C. B. and Lee, Ji Hyung},
  journal={Journal of Econometrics},
  volume={177},
  number={2},
  pages={250--264},
  year={2013}
}

@Article{phillipsY2011,
  author={Peter C. B. Phillips and Jun Yu},
  title={Dating the timeline of financial bubbles during the subprime crisis},
  journal={Quantitative Economics},
  year=2011,
  volume={2},
  number={3},
  pages={455-491}
}

@Article{phillipsWY2011,
  author={Peter C. B. Phillips and Yangru Wu and Jun Yu},
  title={{Explosive behavior in the 1990s {NASDAQ}: When did exuberance escalate asset values?}},
  journal={International Economic Review},
  year=2011,
  volume={52},
  number={1},
  pages={201-226}
}

@article{PhillipsSY2015a,
  	author={Peter C. B. Phillips and Shuping Shi and Jun Yu},
  	title={Testing for multiple bubbles: Historical episodes of exuberance and collapse in the {S\&P} 500},
  	journal={International Economic Review},
	volume = {56},
	number = {4},
	pages = {1043--1078},
	year = {2015},
}

@Article{phillipsSY2015b,
  author={Peter C. B. Phillips and Shuping Shi and Jun Yu},
  title={Testing for multiple bubbles: {Limit} theory of real-time detectors},
  journal={International Economic Review},
  year=2015,
  volume={56},
  number={},
  pages={1079-1134}
}

@article{gagnonK2010,
	title = "Multi-market trading and arbitrage",
	journal = "Journal of Financial Economics",
	volume = "97",
	number = "1",
	pages = "53 - 80",
	year = "2010",
	author = "Louis Gagnon and G. Andrew Karolyi",
}


@article{chenK1995,
    author = {Chen, Zhiwu and Knez, Peter J.},
    title = {Measurement of market integration and arbitrage},
    journal = {The Review of Financial Studies},
    volume = {8},
    number = {2},
    pages = {287-325},
    year = {1995},
    month = {5}
}

@article{LamontT2003,
    Author = {Lamont, Owen A. and Thaler, Richard H.},
    Title = {Anomalies: The Law of One Price in Financial Markets},
    Journal = {Journal of Economic Perspectives},
    Volume = {17},
    Number = {4},
    Year = {2003},
    Month = {December},
    Pages = {191-202}
}

@article{fernaldR2002,
  title={{Puzzles in the Chinese stock market}},
  author={Fernald, John and Rogers, John H.},
  journal={Review of Economics and Statistics},
  volume={84},
  number={3},
  pages={416--432},
  year={2002}
}

@article{wangJ2004,
  title={{Location of trade, ownership restrictions, and market illiquidity: Examining Chinese A-and H-shares}},
  author={Wang, Steven Shuye and Jiang, Li},
  journal={Journal of Banking \& Finance},
  volume={28},
  number={6},
  pages={1273--1297},
  year={2004}
}

@article{chanMY2008,
  title={{Information asymmetry and asset prices: Evidence from the China foreign share discount}},
  author={Chan, Kalok and Menkveld, Albert J and Yang, Zhishu},
  journal={The Journal of Finance},
  volume={63},
  number={1},
  pages={159--196},
  year={2008}
}


@Article{Pindyck1993,
  author={Pindyck, Robert S.},
  title={{The present value model of rational commodity pricing}},
  journal={Economic Journal},
  year=1993,
  volume={103},
  number={418},
  pages={511-530}
}

@article{Pindyck2001,
  title={The dynamics of commodity spot and futures markets: A primer},
  author={Pindyck, Robert S.},
  journal={The Energy Journal},
  pages={1--29},
  year={2001}
}

@article{ShiA2012,
  title={An application of models of speculative behaviour to oil prices},
  author={Shi, Shuping and Arora, Vipin},
  journal={Economics Letters},
  volume={115},
  number={3},
  pages={469--472},
  year={2012}
}

@Article{singleton2014,
  author={Kenneth J. Singleton},
  title={Investor flows and the 2008 boom/bust in oil prices},
  journal={Management Science},
  year=2014,
  volume={60},
  number={2},
  pages={300-318}
}

@article{Stambaugh1999,
  title={Predictive regressions},
  author={Stambaugh, Robert F.},
  journal={Journal of Financial Economics},
  volume={54},
  number={3},
  pages={375--421},
  year={1999}
}

@article{tsvetanovCK2016,
author = "Daniel Tsvetanov and Jerry Coakley and Neil Kellard",
title = "Bubbling over! {The} behaviour of oil futures along the yield curve ",
journal = "Journal of Empirical Finance ",
volume = "38, Part B",
pages = "516 - 533",
year = "2016"
}

@article{vanNordenV1998,
  title={Avoiding the pitfalls: can regime-switching tests reliably detect bubbles?},
  author={{van Norden}, Simon and Vigfusson, Robert},
  journal={Studies in Nonlinear Dynamics \& Econometrics},
  volume={3},
  number={1},
  year={1998},
  pages={1--24}
}

@techreport{VayanosV2009,
  title={A preferred-habitat model of the term structure of interest rates},
  author={Vayanos, Dimitri and Vila, {Jean-Luc}},
  year={2009},
  institution={National Bureau of Economic Research}
}
